@online{urbansound,
    author = "DJustin Salamon, Christopher Jacoby, Juan Pablo Bello",
    title = "Knuth: Urban Sound Datasets",
    url  = "https://urbansounddataset.weebly.com/",
}
@online{crossvalidation,
    author = "Multiple Authors",
    title = "Cross-Validation (statistics)",
    url  = "https://en.wikipedia.org/wiki/Cross-validation_(statistics)",
}
@online{librosa,
    author = "Librosa Development Team",
    title = "libROSA",
    url  = "https://librosa.github.io/librosa/",
}
@online{librosamfcc,
    author = "Librosa Development Team",
    title = "libROSA.feature.mfcc",
    url  = "https://librosa.github.io/librosa/generated/librosa.feature.mfcc.html",
}
@online{usc,
    author = "tthustla",
    title = "Urban Sound Classification by tthustla",
    url  = "https://github.com/tthustla/urban_sound_classification",
}
@online{suplearning,
    author = "Scikit-learn Developers",
    title = "Supervised learning",
    url  = "https://scikit-learn.org/stable/supervised_learning.html#supervised-learning",
}
@online{gmm,
    author = "Daniel Foley",
    title = "GMM - Gaussuan Mixture Modelling",
    url  = "https://towardsdatascience.com/gaussian-mixture-modelling-gmm-833c88587c7f",
}
@online{dcase,
    author = "Multiple Authors",
    title = "Large scale sound event detection",
    url  = "http://dcase.community/challenge2017/task-large-scale-sound-event-detection-results",
}
@online{bad2,
    author = "BAD2",
    title = "3D-CNN+RNN implementation for the second edition of bird audio detection challenge 2",
    url  = "https://github.com/himaivan/BAD2",
}
@online{bird,
    author = "Multiple Authors",
    title = "Bird audio detection",
    url  = "http://dcase.community/challenge2018/task-bird-audio-detection-results",
}



