@online{urbansound,
    author = "DJustin Salamon, Christopher Jacoby, Juan Pablo Bello",
    title = "Knuth: Urban Sound Datasets",
    url  = "https://urbansounddataset.weebly.com/",
}

https://en.wikipedia.org/wiki/Cross-validation_(statistics)
https://librosa.github.io/librosa/
https://librosa.github.io/librosa/generated/librosa.feature.mfcc.html